@inproceedings{chen1999modeling,
  title={Modeling gene expression with differential equations.},
  author={Chen, Ting and He, Hongyu L and Church, George M and others},
  booktitle={Pacific symposium on biocomputing},
  volume={4},
  number={29},
  pages={4},
  year={1999}
}


@article{zhang2013differential,
  title={Differential regulation of white-opaque switching by individual subunits of Candida albicans mediator},
  author={Zhang, Anda and Liu, Zhongle and Myers, Lawrence C},
  journal={Eukaryotic cell},
  volume={12},
  number={9},
  pages={1293--1304},
  year={2013},
  publisher={Am Soc Microbiol}
}

@article{
year={2010},
issn={0300-8584},
journal={Medical Microbiology and Immunology},
volume={199},
number={3},
doi={10.1007/s00430-010-0147-0},
title={Regulation of white-opaque switching in Candida albicans},
url={http://dx.doi.org/10.1007/s00430-010-0147-0},
publisher={Springer-Verlag},
keywords={Phenotypic switching; Mating; Transcriptional regulation; Epigenetic control},
author={Morschhäuser, Joachim},
pages={165-172},
language={English}
}


@phdthesis{tyc2013modeling,
  title={A modeling perspective on Candida albicans' interactions with its human host},
  author={Tyc, Katarzyna Marta},
  year={2013},
  school={Humboldt-Universit{\"a}t zu Berlin, Mathematisch-Naturwissenschaftliche Fakult{\"a}t I}
}

@article{hill,
  title={The possible effects of the aggregation of the molecules of hæmoglobin on its dissociation curves},
  author={A. V. Hill},
  year={1910},
  journal={J. Physiol.},
  volume={40},
  pages={389 - 403},
}

@Article{deSolve,
    title = {Solving Differential Equations in R: Package deSolve},
    author = {Karline Soetaert and Thomas Petzoldt and R. Woodrow Setzer},
    journal = {Journal of Statistical Software},
    volume = {33},
    number = {9},
    pages = {1--25},
    year = {2010},
    coden = {JSSOBK},
    issn = {1548-7660},
    url = {http://www.jstatsoft.org/v33/i09},
    keywords = {ordinary differential equations, partial differential
    equations, differential algebraic equations, initial value problems,
    R, FORTRAN, C},
  }

 @Manual{phaseR,
    title = {phaseR: Phase Plane Analysis of One and Two Dimensional Autonomous ODE
Systems},
    author = {Michael J. Grayling},
    year = {2014},
    note = {R package version 1.3},
    url = {http://CRAN.R-project.org/package=phaseR},
  }


 @Manual{R,
    title = {R: A Language and Environment for Statistical Computing},
    author = {{R Core Team}},
    organization = {R Foundation for Statistical Computing},
    address = {Vienna, Austria},
    year = {2015},
    url = {http://www.R-project.org/},
  }

@inproceedings{standardNotation,
  title={The standard graphical notation for biological networks},
  author={Kitano, Hiroaki},
  booktitle={The Sixth Workshop on Software Platforms for Systems Biology},
  year={2002}
}

@article{slides,
  title={Mathematical modeling of genetic regulatory networks},
  author={de Jong, Hidde}
}

 @Book{ggplot,
    author = {Hadley Wickham},
    title = {ggplot2: elegant graphics for data analysis},
    publisher = {Springer New York},
    year = {2009},
    isbn = {978-0-387-98140-6},
    url = {http://had.co.nz/ggplot2/book},
  }

@article{multiGene,
  title={Modeling and simulation of genetic regulatory networks by ordinary differential equations},
  author={De Jong, Hidde and Geiselmann, Johannes},
  journal={Genomic Signal Processing and Statistics. New York: Hindawi Publishing Corporation},
  pages={201--39},
  year={2005}
}
